%% This BibTeX bibliography file was created using BibDesk.
%% http://bibdesk.sourceforge.net/


%% Created for Tirhakah at 2013-01-08 04:10:51 +0000 


%% Saved with string encoding Unicode (UTF-8) 



@inproceedings{optimal,
	Author = {Ochoa, G. and Harvey, I. and Buxton, H.},
	Booktitle = {Proceedings of the Genetic and Evolutionary Computation Conference},
	Date-Added = {2013-01-08 04:10:42 +0000},
	Date-Modified = {2013-01-08 04:10:51 +0000},
	Organization = {Citeseer},
	Pages = {315--322},
	Title = {Optimal mutation rates and selection pressure in genetic algorithms},
	Volume = {1},
	Year = {2000}}

@phdthesis{thesis,
	Author = {Powers, S.T.},
	Date-Added = {2013-01-08 01:34:35 +0000},
	Date-Modified = {2013-01-08 01:36:46 +0000},
	School = {University of Southampton},
	Title = {Social niche construction: evolutionary explanations for cooperative group formation},
	Year = {2010}}

@article{orig,
	Author = {Powers, S. and Penn, A. and Watson, R.},
	Date-Added = {2013-01-08 01:33:50 +0000},
	Date-Modified = {2013-01-08 01:36:38 +0000},
	Journal = {Advances in Artificial Life},
	Pages = {585--594},
	Publisher = {Springer},
	Title = {Individual selection for cooperative group formation},
	Year = {2007}}

@incollection{Watson2011,
	Author = {Powers, Simon T. and Watson, Richard A.},
	Booktitle = {Advances in Artificial Life. Darwin Meets von Neumann},
	Date-Added = {2013-01-08 01:30:04 +0000},
	Date-Modified = {2013-01-08 01:30:29 +0000},
	Doi = {10.1007/978-3-642-21314-4_7},
	Editor = {Kampis, George and Karsai, Istv{\'a}n and Szathm{\'a}ry, E{\"o}rs},
	Isbn = {978-3-642-21313-7},
	Pages = {53-60},
	Publisher = {Springer Berlin Heidelberg},
	Series = {Lecture Notes in Computer Science},
	Title = {Evolution of Individual Group Size Preference Can Increase Group-Level Selection and Cooperation},
	Url = {http://dx.doi.org/10.1007/978-3-642-21314-4_7},
	Volume = {5778},
	Year = {2011},
	Bdsk-Url-1 = {http://dx.doi.org/10.1007/978-3-642-21314-4_7}}
